% References for the security books
% Henrik Kramselund

% To Do:
% Add all from the KEA courses!

% http://www.cheswick.com/ches/papers/
% http://www.cheswick.com/ches/cv/ches.bib

% https://da.overleaf.com/learn/latex/Bibliography_management_in_LaTeX

@book{Cheswick03a,
	shorthand = {Cheswick03a},
	author =        {William R. Cheswick and Steven M. Bellovin and Aviel D. Rubin},
	year =          {2003},
	publisher =     {Addison-Wesley},
	address =       {Reading, MA},
	title =         {Firewalls and Internet Security;  Repelling the Wily Hacker. Second Edition},
	url = 		{http://www.wilyhacker.com/},
  isbn = {9780201634662},
  }

@book{Cheswick94,
		shorthand = {Cheswick94},
		author =        {William R. Cheswick and Steven M. Bellovin},
		year =          {1994},
		publisher =     {Addison-Wesley},
		address =       {Reading, MA},
		title =         {Firewalls and Internet Security;  Repelling the Wily Hacker.},
		url = 		{http://www.wilyhacker.com/},
	  isbn = {9780201633573},
	  }

@book{Cheswick90a,
  shorthand = {Cheswick90a},
	author = {William R. Cheswick},
	address = {Anaheim, CA},
	booktitle = {Proceedings of the Summer USENIX Conference},
	month = {06},
	title = {The Design of a Secure Internet Gateway},
	year = {1990},
	url = {http://www.cheswick.com/ches/papers/gateway.ps}
}

@article{bellovin:security*4,
  annote = {An early paper describing some security risks from the
		  then-standard protocols in TCP/IP. Not all of the attacks
		  have happened yet\ldots.},
  author = {{Steven M. Bellovin}},
  journal = {Computer Communication Review},
  month = {April},
  number = {2},
  pages = {32--48},
  smb-major = {yes},
  title = {Security Problems in the {TCP/IP} Protocol Suite},
  url = {https://www.cs.columbia.edu/~smb/papers/ipext.pdf},
  volume = {19},
  year = {1989},
  bdsk-url-1 = {https://www.cs.columbia.edu/~smb/papers/ipext.pdf}
}

@inproceedings{bellovin:look,
  author = {{Steven M. Bellovin}},
  booktitle = {Annual Computer Security Applications Conference},
  month = {December},
  note = {Invited paper},
  title = {A Look Back at ``{Security} Problems in the {TCP/IP}
		  Protocol Suite''},
  url = {https://www.cs.columbia.edu/~smb/papers/acsac-ipext.pdf},
  year = {2004},
  bdsk-url-1 = {https://www.cs.columbia.edu/~smb/papers/acsac-ipext.pdf}
}

@book{Saltzer-1975,
  added-at = {2008-04-30T12:59:47.000+0200},
  author = {Saltzer, Jerome H. and Schroeder, Michael D.},
  biburl = {https://www.bibsonomy.org/bibtex/242b8d5011412b241ce3b90539a158e4f/kdubiq},
  booktitle = {Proceedings of the IEEE 63-9},
  description = {KDubiq Blueprint},
  interhash = {b9ca71ec9f7e157908159e519a16e104},
  intrahash = {42b8d5011412b241ce3b90539a158e4f},
  keywords = {imported},
  page = {1278-1308},
  timestamp = {2008-04-30T13:00:36.000+0200},
  title = {The Protection of Information in Computer Systems},
  year = 1975
}


@article{Ingham2002,
  shorthand = {Ingham2002},
  title={A history and survey of network firewalls},
  author={Ingham, Kenneth and Forrest, Stephanie},
  journal={University of New Mexico, Tech. Rep},
  year={2002}
}

% https://www.cerias.purdue.edu/apps/reports_and_papers/
% search for firewalls - gives a few pointers
@inproceedings{referencemodel,
author = {Schuba, C.L. and Spafford, Eugene},
year = {1998},
month = {01},
pages = {133 - 145},
title = {A reference model for firewall technology},
isbn = {0-8186-8274-4},
%doi = {10.1109/CSAC.1997.646183},
url = {https://www.cerias.purdue.edu/assets/pdf/bibtex_archive/97-11.pdf}
}

@inproceedings{ lyles,
	title = "A Reference Model for Firewall Technology and its Implications for Connection Signaling ",
	author = "J. Bryan Lyles and Christoph L. Schuba",
	year = "1996",
	annote = "Proceedings Open Signaling Workshop, Columbia University, New York, NY, October 1996;",
	publisher = "Reprinted as Department of Computer Sciences, Purdue University",
	url = "https://www.cerias.purdue.edu/assets/pdf/bibtex_archive/96-07.pdf",
}


@techreport{SP80041r1,
   shorthand = {SP800-41},
   author = {Karen Scarfone, Paul Hoffman },
   title = {Guidelines on Firewalls and Firewall Policy},
   institution = {National Institute of Standards and Technology},
   address= {Gaithersburg, MD},
   number = {NIST Special Publication (SP) 800-41, Rev. 1, Includes updates as of September, 2009},
   DOI = {10.6028/NIST.SP.800-41},
   year = {2009},
}

@book{Bishop2019,
	shorthand = {Bishop2019},
	author =        {{Matt Bishop}},
	year =          {2019},
	publisher =     {Addison-Wesley Professional},
	title =         {Computer Security: Art and Science, 2nd edition},
  isbn = {9780321712332},
  }

@book{PPA3,
	shorthand = {PPA3},
	author =        {Chris Sanders},
	year =          {2017},
	publisher =     {No Starch Press},
	title =         {Practical Packet Analysis, 3rd Edition},
  isbn = {9781593278021},
  }

@book{ANSM,
	shorthand = {ANSM},
	author =        {Chris Sanders and Jason Smith},
	year =          {2014},
	publisher =     {Syngress},
	title =         {Applied Network Security Monitoring},
  isbn = {9780124172081},
  }

% RFC Generated using
% http://notesofaprogrammer.blogspot.com/2014/11/bibtex-entries-for-ietf-rfcs-and.html

@techreport{RFC0791,
	shorthand = {RFC0791},
  author = {Jon Postel},
  title = {Internet Protocol},
  howpublished = {Internet Requests for Comments},
  type = {STD},
  number = {5},
  year = {1981},
  month = {09},
  issn = {2070-1721},
  publisher = {RFC Editor},
  institution = {RFC Editor},
  url = {https://datatracker.ietf.org/doc/html/rfc791},
  note = {\url{http://www.rfc-editor.org/rfc/rfc791.txt}},
}

@techreport{RFC1918,
	shorthand = {RFC1918},
  author = {Yakov Rekhter and Robert G. Moskowitz and Daniel Karrenberg and Geert Jan de Groot and Eliot Lear},
  title = {Address Allocation for Private Internets},
  howpublished = {Internet Requests for Comments},
  type = {BCP},
  number = {5},
  year = {1996},
  month = {02},
  issn = {2070-1721},
  publisher = {RFC Editor},
  institution = {RFC Editor},
  url = {https://datatracker.ietf.org/doc/html/rfc1918},
  note = {\url{http://www.rfc-editor.org/rfc/rfc1918.txt}},
}

@techreport{RFC2401,
	shorthand = {RFC2401},
  author = {S. Kent and R. Atkinson},
  title = {Security Architecture for the Internet Protocol},
  howpublished = {Internet Requests for Comments},
  type = {RFC},
  number = {2401},
  year = {1998},
  month = {11},
  issn = {2070-1721},
  publisher = {RFC Editor},
  institution = {RFC Editor},
	url = {https://datatracker.ietf.org/doc/html/rfc2401},
	note = {\url{http://www.rfc-editor.org/rfc/rfc2401.txt}},
}


@techreport{RFC3849,
	shorthand = {RFC3849},
  author = {G. Huston and A. Lord and P. Smith},
  title = {IPv6 Address Prefix Reserved for Documentation},
  howpublished = {Internet Requests for Comments},
  type = {RFC},
  number = {3849},
  year = {2004},
  month = {06},
  issn = {2070-1721},
  publisher = {RFC Editor},
  institution = {RFC Editor},
	url = {https://datatracker.ietf.org/doc/html/rfc3849},
  note = {\url{http://www.rfc-editor.org/rfc/rfc3849.txt}},
}

@techreport{RFC5737,
	shorthand = {RFC5737},
  author = {J. Arkko and M. Cotton and L. Vegoda},
  title = {IPv4 Address Blocks Reserved for Documentation},
  howpublished = {Internet Requests for Comments},
  type = {RFC},
  number = {5737},
  year = {2010},
  month = {01},
  issn = {2070-1721},
  publisher = {RFC Editor},
  institution = {RFC Editor},
	url = {https://datatracker.ietf.org/doc/html/rfc5737},
  note = {\url{http://www.rfc-editor.org/rfc/rfc5737.txt}},
}

@techreport{RFC4949,
	shorthand = {RFC4949},
  author = {R. Shirey},
  title = {Internet Security Glossary, Version 2},
  howpublished = {Internet Requests for Comments},
  type = {RFC},
  number = {4949},
  year = {2007},
  month = {08},
  issn = {2070-1721},
  publisher = {RFC Editor},
  institution = {RFC Editor},
  url = {https://datatracker.ietf.org/doc/html/rfc4949},
  note = {\url{http://www.rfc-editor.org/rfc/rfc4949.txt}},
}

@techreport{RFC2827,
  shorthand = {RFC2827},
  author = {P. Ferguson and D. Senie},
  title = {Network Ingress Filtering: Defeating Denial of Service Attacks which employ IP Source Address Spoofing},
  howpublished = {Internet Requests for Comments},
  type = {BCP},
  number = {38},
  year = {2000},
  month = {05},
  issn = {2070-1721},
  publisher = {RFC Editor},
  institution = {RFC Editor},
  url = {https://datatracker.ietf.org/doc/html/rfc2827},
  note = {\url{http://www.rfc-editor.org/rfc/rfc2827.txt}},
}

@techreport{RFC3704,
  shorthand = {RFC3704},
  author = {F. Baker and P. Savola},
  title = {Ingress Filtering for Multihomed Networks},
  howpublished = {Internet Requests for Comments},
  type = {BCP},
  number = {84},
  year = {2004},
  month = {03},
  issn = {2070-1721},
  publisher = {RFC Editor},
  institution = {RFC Editor},
  url = {https://datatracker.ietf.org/doc/html/rfc3704},
  note = {\url{http://www.rfc-editor.org/rfc/rfc3704.txt}},
}


% KEA Courses


@book{LBfH,
	shorthand = {LBfH},
	author =        {{OccupyTheWeb}},
	year =          {2018},
	publisher =     {No Starch Press},
	title =         {Linux Basics for Hackers Getting Started with Networking, Scripting, and Security in Kali},
  isbn = {978-1-59327-855-7},
  }
@book{AoST,
	shorthand = {AoST},
	author =        {Chris Wysopal and Lucas Nelson and Dino Dai Zovi and Elfriede Dustin},
	year =          {2006},
	publisher =     {Symantec Press},
	title =         {The Art of Software Security Testing Identifying Software Security Flaws},
  isbn = {9780321304865},
  }
@book{WAS,
	shorthand = {WAS},
	author =        {{Andrew Hoffman}},
	year =          {2020},
	publisher =     {O'Reilly},
	title =         {Web Application Security},
  isbn = {9781492053118},
  }
@book{Hacking,
	shorthand = {Hacking},
	author =        {{Jon Erickson}},
	year =          {2008},
	publisher =     {},
	title =         {Hacking, 2nd Edition: The Art of Exploitation},
  isbn = {9781593271442},
  }
@book{DSH,
	shorthand = {DSH},
	author =        {{Lee Brotherston and Amanda Berlin}},
	year =          {2017},
	publisher =     {},
	title =         {Defensive Security Handbook: Best Practices for Securing Infrastructure},
  isbn = {978-1-491-96038-7},
  }
@book{FD,
	shorthand = {FD},
	author =        {Dan Farmer and Wietse Venema},
	year =          {2004},
	publisher =     {Addison-Wesley},
	title =         {Forensics Discovery},
%  isbn = {xxxxxx},
  }
@book{Grayhat,
	shorthand = {Grayhat},
	author =        { Allen Harper and Daniel Regalado and Ryan Linn and Stephen Sims
	and Branko Spasojevic and Linda Martinez and Michael Baucom and Chris Eagle and Shon Harris},
	year =          {2018},
	publisher =     {},
	title =         {Gray Hat Hacking: The Ethical Hacker's Handbook, fifth edition},
  isbn = {9781260108415},
  }
@book{DDS,
	shorthand = {DDS},
	author =        {{Jay Jacobs} and {Bob Rudis}},
	year =          {2014},
	publisher =     {},
	title =         {Data-Driven Security: Analysis, Visualization and Dashboards},
  isbn = {978-1-118-79372-5},
	note = {https://datadrivensecurity.info/}
	}
@book{CIP,
	shorthand = {CIP},
	author =        {{Jeff Bollinger and Brandon Enright and Matthew Valites}},
	year =          {2015},
	publisher =     {},
	title =         {Crafting the InfoSec Playbook: Security Monitoring and Incident Response Master Plan},
  isbn = {9781491949405},
  }
@book{IDIR,
	shorthand = {IDIR},
	author =        {{Scott Roberts} and {Rebekah Brown}},
	year =          {2017},
	publisher =     {},
	title =         {Intelligence-Driven Incident Response},
  isbn = {9781491934944},
  }
@book{SOC,
	shorthand = {SOC},
	author =        {{Joseph Muniz} and Gary McIntyre and Nadhem AlFardan },
	year =          {2015},
	publisher =     {},
	title =         {Security Operations Center: Building, Operating, and Maintaining your SOC},
  isbn = {9780134052014},
  }

@book{Anderson2020,
	shorthand = {Anderson2020},
	author =        {{Ross Anderson}},
	year =          {2020},
	publisher =     {},
	title =         {Security Engineering: A Guide to Building Dependable Distributed Systems, 3rd Edition},
  isbn = {978-1-119-64281-7},
  }
